@article{salcido,
    author = "A. Salcido, R. Rechtman, A. Calles",
    title = {\href{https://rmf.smf.mx/ojs/rmf/article/view/2101/2069}{Simulaciones de modelos de teoría cinética como recursos didácticos}},
    journal = "Revista Mexicana de Física",
    volume = "36",
    number = "1",
    pages = "131--145",
    year = "1989",
    DOI = "http://dx.doi.org/10.1002/andp.19053221004",
    keywords = "simulaciones"
}

@misc{haro,
    author = "M. López de Haro, A. Santos",
    title = {\href{http://www.eweb.unex.es/eweb/fisteor/andres/publications/Boltzmann_ms.pdf}{Boltzmann y la Segunda Ley}},
}

@misc{gottwald,
    author = "G. A. Gottwald, M. Oliver",
    title = "{\href{http://www.maths.usyd.edu.au/u/gottwald/preprints/kac-ring.pdf}{Boltzmann’s dilemma – an introduction to statistical mechanics via the Kac ring}}",
}

@misc{schroeder,
    author = "Daniel V. Schroeder",
    title = {\href{https://physics.weber.edu/schroeder/html5/TutorialPacket.pdf}{Creating Interactive Web Simulations Using HTML5 and JavaScript}},
}

@book{huang,
    title = {The Principles of Quantum Mechanics},
    author = {Paul Adrien Maurice Dirac},
    isbn = {9780198520115},
    series = {International series of monographs on physics},
    year = {1981},
    publisher = {Clarendon Press},
    keywords = {physics}
}

@book{pathria,
  title={Statistical Mechanics, 3rd edn.},
  author={RK Pathria, Rogel-Salazar, PD Beale},
  year={2011},
  publisher={Taylor \& Francis}
}

@book{allen,
  title={Computer simulation of liquids},
  author={Allen, Michael P and Tildesley, Dominic J},
  year={2017},
  publisher={Oxford university press}
}

@book{krauth,
  title={Statistical mechanics: algorithms and computations},
  author={Krauth, Werner},
  volume={13},
  year={2006},
  publisher={OUP Oxford}
}

@book{tejero,
  title={Equilibrium statistical physics: phases of matter and phase transitions},
  author={Baus, Marc and Tejero, Carlos F},
  year={2007},
  publisher={Springer Science \& Business Media}
}

@book{greinier,
  title={Thermodynamics and statistical mechanics},
  author={Greiner, Walter and Neise, Ludwig and St{\"o}cker, Horst},
  year={2012},
  publisher={Springer Science \& Business Media}
}

@book{koonin,
  title={Computational physics: Fortran version},
  author={Koonin, Steven E},
  year={2018},
  publisher={CRC Press}
}

@book{wannier,
  title={Statistical Physics},
  author={Wannier, G.H.},
  isbn={9780486654010},
  lccn={87008909},
  series={Dover Books on Physics},
  url={https://books.google.es/books?id=ElvLAgAAQBAJ},
  year={1987},
  publisher={Dover Publications}
}

@book{reif,
  title={F{\'\i}sica estad{\'\i}stica},
  author={Reif, F.},
  number={v. 5},
  isbn={9788429140255},
  series={Berkeley physics course},
  url={https://books.google.es/books?id=ygGc7I\_9MWEC},
  year={1996},
  publisher={Revert{\'e}}
}

@misc{ashcroft,
  title={Solid state physics [by] Neil W. Ashcroft [and] N. David Mermin.},
  author={Ashcroft, Neil W and Mermin, N David and others},
  year={1976},
  publisher={New York: Holt, Rinehart and Winston,}
}

@book{sears,
   title =     {Thermodynamics, Kinetic Theory, and Statistical Thermodynamics},
   author =    {Francis W. Sears, Gerhard L. Salinger},
   publisher = {Addison Wesley},
   isbn =      {020106894X,9780201068948},
   year =      {1975},
   series =    {},
   edition =   {3},
   volume =    {},
   url =       {}
}

@article{Sears-1954,
    doi	= {10.1063/1.3061598},
    title	= {An Introduction to Thermodynamics, the Kinetic Theory of Gases, and Statistical Mechanics},
    author	= {Sears, Francis Weston; Friedman, Abraham S.},
    publisher	= {American Institute of Physics},
    journal	= {Physics Today},
    issnp	= {0031-9228},
    issne	= {1945-0699},
    year	= {1954},
    volume	= {7},
    issue	= {4},
    page	= {26--},
}

@book{greiner,
   title =     {Thermodynamics and statistical mechanics},
   author =    {Walter Greiner, Ludwig Neise, Horst Stöcker, D. Rischke},
   publisher = {Springer-Verlag},
   isbn =      {0387942998,9780387942995,3540942998},
   year =      {1995},
   series =    {Classical theoretical physics},
   edition =   {},
   volume =    {},
}

@article{Lee-1964,
    doi	= {10.1063/1.3051633},
    title	= {Statistical Thermodynamics
                  and
                  Equilibrium Statistical Mechanics},
    author	= {Lee, John F.; Sears, Francis W.; Turcotte, Donald L.; Andrews, Frank C.; Katz, Joseph L.},
    publisher	= {American Institute of Physics},
    journal	= {Physics Today},
    issnp	= {0031-9228},
    issne	= {1945-0699},
    year	= {1964},
    month	= {05},
    volume	= {17},
    issue	= {5},
    page	= {83--83},
}
