@book{arnold2013mathematical,
  title={Mathematical Methods of Classical Mechanics},
  author={Arnold, V.I. and Vogtmann, K. and Weinstein, A.},
  isbn={9781475716931},
  series={Graduate Texts in Mathematics},
  url={https://books.google.es/books?id=UOQlBQAAQBAJ},
  year={2013},
  publisher={Springer New York}
}
