
@book{huang,
  author = {Huang, Kerson},
  publisher = {John Wiley \& Sons},
  timestamp = {2010-05-10T08:12:04.000+0200},
  title = {Statistical Mechanics},
  year = 1987
}
@article{sands,
  title={The Canonical Ensemble and the Central Limit Theorem},
  author={Sands, D and Dunning-Davies, J},
  journal={arXiv preprint arXiv:0706.0978},
  year={2007}
}


@book{barkema,
  title={Monte Carlo Methods in Statistical Physics},
  author={Newman, M.E.J. and Barkema, G.T.},
  isbn={9780198517979},
  lccn={99213405},
  url={https://books.google.es/books?id=J5aLdDN4uFwC},
  year={1999},
  publisher={Clarendon Press}
}

@book{pathria,
  title={Statistical Mechanics,},
  author={RK Pathria, Rogel-Salazar, PD Beale},
  year={2011},
  publisher={Taylor \& Francis}
}

@book{allen,
  title={Computer simulation of liquids},
  author={Allen, Michael P and Tildesley, Dominic J},
  year={2017},
  publisher={Oxford university press}
}

@book{krauth,
  title={Statistical mechanics: algorithms and computations},
  author={Krauth, Werner},
  year={2006},
  publisher={OUP Oxford}
}

@book{tejero,
  title={Equilibrium statistical physics: phases of matter and phase transitions},
  author={Baus, Marc and Tejero, Carlos F},
  year={2007},
  publisher={Springer Science \& Business Media}
}

@book{greinier,
  title={Thermodynamics and statistical mechanics},
  author={Greiner, Walter and Neise, Ludwig and St{\"o}cker, Horst},
  year={2012},
  publisher={Springer Science \& Business Media}
}

@book{koonin,
  title={Computational physics: Fortran version},
  author={Koonin, Steven E},
  year={2018},
  publisher={CRC Press}
}

@book{wannier,
  title={Statistical Physics},
  author={Wannier, G.H.},
  isbn={9780486654010},
  lccn={87008909},
  series={Dover Books on Physics},
  url={https://books.google.es/books?id=ElvLAgAAQBAJ},
  year={1987},
  publisher={Dover Publications}
}

@book{reif,
  title={Física estadística},
  author={Reif, F.},
  number={v. 5},
  isbn={9788429140255},
  series={Berkeley physics course},
  url={https://books.google.es/books?id=ygGc7I\_9MWEC},
  year={1996},
  publisher={Revert{\'e}}
}

@book{sears,
   title =     {Thermodynamics, Kinetic Theory, and Statistical Thermodynamics},
   author =    {Francis W. Sears, Gerhard L. Salinger},
   publisher = {Addison Wesley},
   isbn =      {020106894X,9780201068948},
   year =      {1975},
   series =    {},
   edition =   {3},
   volume =    {},
   url =       {}
}

@book{greiner,
   title =     {Thermodynamics and statistical mechanics},
   author =    {Walter Greiner, Ludwig Neise, Horst Stöcker, D. Rischke},
   publisher = {Springer-Verlag},
   isbn =      {0387942998,9780387942995,3540942998},
   year =      {1995},
   series =    {Classical theoretical physics},
   edition =   {},
   volume =    {},
}

@article{Lee-1964,
    doi	= {10.1063/1.3051633},
    title	= {Statistical Thermodynamics
                  and
                  Equilibrium Statistical Mechanics},
    author	= {Lee, John F.; Sears, Francis W.; Turcotte, Donald L.; Andrews, Frank C.; Katz, Joseph L.},
    publisher	= {American Institute of Physics},
    journal	= {Physics Today},
    issnp	= {0031-9228},
    issne	= {1945-0699},
    year	= {1964},
    month	= {05},
    volume	= {17},
    issue	= {5},
    page	= {83--83},
}

@article{dyson,
     ISSN = {00029890, 19300972},
     URL = {http://www.jstor.org/stable/2324989},
     author = {Freeman J. Dyson and Harold Falk},
     journal = {The American Mathematical Monthly},
     number = {7},
     pages = {603--614},
     publisher = {Mathematical Association of America},
     title = {Period of a Discrete Cat Mapping},
     volume = {99},
     year = {1992}
}

@book{dorfman,
    place={Cambridge},
    series={Cambridge Lecture Notes in Physics},
    title={An Introduction to Chaos in Nonequilibrium Statistical Mechanics},
    DOI={10.1017/CBO9780511628870},
    publisher={Cambridge University Press},
    author={Dorfman, J. R.},
    year={1999},
    collection={Cambridge Lecture Notes in Physics}
}

@book{groot,
  title={Non-Equilibrium Thermodynamics},
  author={De Groot, S.R. and Mazur, P.},
  isbn={9780486153506},
  series={Dover Books on Physics},
  url={https://books.google.es/books?id=mfFyG9jfaMYC},
  year={2013},
  publisher={Dover Publications}
}

@book{frenkel,
  title={Understanding molecular simulation: from algorithms to applications},
  author={Frenkel, Daan and Smit, Berend},
  volume={1},
  year={2001},
  publisher={Elsevier}
}

@book{recipesC,
    author = {Press, William H. and Flannery, Brian P. and Teukolsky, Saul A. and Vetterling, William T.},
    title = {Numerical Recipes in C: The Art of Scientific Computing},
    year = {1988},
    isbn = {052135465X},
    publisher = {Cambridge University Press},
    address = {USA}
}

@article{viot,
    author = {Viot, Pascal},
    year = {2011},
    month = {01},
    pages = {},
    title = {Numerical Simulation in Statistical Physics common lecture in Master 2 “Theoretical physics of complex systems” and “Modeling, Statistics and Algorithms for …}
}

@article{salcido,
author = "A. Salcido, R. Rechtman, A. Calles",
title = "Simulaciones de modelos de teoría cinética como recursos didácticos",
journal = "Revista Mexicana de Física",
volume = "36",
number = "1",
pages = "131--145",
year = "1989",
DOI = "http://dx.doi.org/10.1002/andp.19053221004",
keywords = "simulaciones"
}

@misc{haro,
author = "M. López de Haro, A. Santos",
title = "Boltzmann y la Segunda Ley",
}

@misc{gottwald,
author = "G. A. Gottwald, M. Oliver",
title = "Boltzmann’s dilemma – an introduction to statistical mechanics via the Kac ring",
}

@inproceedings{linas,
  title={LATTICE MODELS AND FRACTAL MEASURES},
  author={Linas Vepstas},
  year={2008}
}
@book{arnold,
  title={Mathematical Methods of Classical Mechanics},
  author={Arnold, V.I. and Vogtmann, K. and Weinstein, A.},
  isbn={9781475716931},
  series={Graduate Texts in Mathematics},
  url={https://books.google.es/books?id=UOQlBQAAQBAJ},
  year={2013},
  publisher={Springer New York}
}

@book{tejeroProb,
  title={100 problemas de F{\'\i}sica Estad{\'\i}stica},
  author={Tejero, Carlos Fern{\'a}ndez and Parrondo, Juan M Rodr{\'\i}guez},
  year={1996},
  publisher={Alianza}
}
