@article{10.2307/2324989,
 ISSN = {00029890, 19300972},
 URL = {http://www.jstor.org/stable/2324989},
 author = {Freeman J. Dyson and Harold Falk},
 journal = {The American Mathematical Monthly},
 number = {7},
 pages = {603--614},
 publisher = {Mathematical Association of America},
 title = {Period of a Discrete Cat Mapping},
 volume = {99},
 year = {1992}
}

