@article{viot,
author = {Viot, Pascal},
year = {2011},
month = {01},
pages = {},
title = {Numerical Simulation in Statistical Physics common lecture in Master 2 “Theoretical physics of complex systems” and “Modeling, Statistics and Algorithms for …}
}
